@article{durgin_undecidability_1999,
	title = {Undecidability of bounded security protocols},
	journal = {Proceedings of the Workshop on Formal Methods and Security Protocols --- FMSP, Trento, Italy},
	author = {Durgin, N. and Durgin, N. and Lincoln, P. and Lincoln, P. and Mitchell, J. and Mitchell, J. and Scedrov, A. and Scedrov, A.},
	year = {1999},
}